<?xml version="1.0" encoding="UTF-8"?><collection xmlns="http://www.loc.gov/MARC21/slim"><record><leader>00455nam--2200169-i-4500</leader><controlfield tag="001">000001988</controlfield><controlfield tag="002">20161230</controlfield><controlfield tag="005">20161230201024</controlfield><controlfield tag="008">060222s1000------------r-----000-0-eng-d</controlfield><datafield ind1=" " ind2=" " tag="040"><subfield code="a">IFIN-HH</subfield></datafield><datafield ind1=" " ind2=" " tag="080"><subfield code="a">621.039.538</subfield></datafield><datafield ind1="1" ind2=" " tag="100"><subfield code="a">Goldstein, Herbert</subfield></datafield><datafield ind1="1" ind2="0" tag="245"><subfield code="a">Fundamental aspects of reactor shielding</subfield><subfield code="c">Herbert goldstein</subfield></datafield><datafield ind1=" " ind2=" " tag="260"><subfield code="a">London</subfield><subfield code="b">Pergamon Press</subfield><subfield code="c">1959</subfield></datafield><datafield ind1=" " ind2=" " tag="300"><subfield code="a">XVI+416P</subfield></datafield><datafield ind1=" " ind2=" " tag="852"><subfield code="a">14818</subfield><subfield code="c">621.039.538</subfield></datafield><datafield ind1=" " ind2=" " tag="CAT"><subfield code="a">Sys</subfield><subfield code="c">20130715</subfield><subfield code="h">140035</subfield></datafield></record></collection>